<record><leader>06436cam a2200637 i 4500</leader><controlfield tag="001">6814021</controlfield><controlfield tag="003">OCoLC</controlfield><controlfield tag="005">20150421131738.0</controlfield><controlfield tag="008">140929s2015    inua     b    001 0 eng  </controlfield><datafield ind1=" " ind2=" " tag="010"><subfield code="a">  2014030428</subfield></datafield><datafield ind1=" " ind2=" " tag="020"><subfield code="a">9781557536969 (pbk.)</subfield></datafield><datafield ind1=" " ind2=" " tag="020"><subfield code="a">1557536961 (pbk.)</subfield></datafield><datafield ind1=" " ind2=" " tag="020"><subfield code="z">9781612493510 (epdf)</subfield></datafield><datafield ind1=" " ind2=" " tag="020"><subfield code="z">9781612493527 (epub)</subfield></datafield><datafield ind1=" " ind2=" " tag="035"><subfield code="a">ocn869772841</subfield></datafield><datafield ind1=" " ind2=" " tag="039"><subfield code="a">exclude</subfield></datafield><datafield ind1=" " ind2=" " tag="040"><subfield code="a">DLC</subfield><subfield code="b">eng</subfield><subfield code="e">rda</subfield><subfield code="c">DLC</subfield><subfield code="d">YDX</subfield><subfield code="d">BTCTA</subfield><subfield code="d">BDX</subfield><subfield code="d">YDXCP</subfield><subfield code="d">NUI</subfield><subfield code="d">IBI</subfield><subfield code="d">PMC</subfield><subfield code="d">CDX</subfield><subfield code="d">CHVBK</subfield><subfield code="d">AEU</subfield></datafield><datafield ind1=" " ind2=" " tag="042"><subfield code="a">pcc</subfield></datafield><datafield ind1=" " ind2=" " tag="043"><subfield code="a">n-us---</subfield></datafield><datafield ind1="0" ind2="0" tag="050"><subfield code="a">Z711.92.G73</subfield><subfield code="b">D38 2015</subfield></datafield><datafield ind1="0" ind2="0" tag="082"><subfield code="a">028.7071/1</subfield><subfield code="2">23</subfield></datafield><datafield ind1=" " ind2=" " tag="084"><subfield code="a">LAN025000</subfield><subfield code="a">LAN025040</subfield><subfield code="2">bisacsh</subfield></datafield><datafield ind1=" " ind2=" " tag="090"><subfield code="a">Z711.92 .G73 D38 2015</subfield><subfield code="b">AEGMCT</subfield></datafield><datafield ind1=" " ind2=" " tag="090"><subfield code="a">Z 711.92 G73 D38 2015</subfield><subfield code="b">AEU</subfield></datafield><datafield ind1="0" ind2="0" tag="245"><subfield code="a">Data information literacy :</subfield><subfield code="b">librarians, data, and the education of a new generation of researchers /</subfield><subfield code="c">edited by Jake Carlson and Lisa R. Johnston.</subfield></datafield><datafield ind1=" " ind2="1" tag="264"><subfield code="a">West Lafayette, Indiana :</subfield><subfield code="b">Purdue University Press,</subfield><subfield code="c">[2015]</subfield></datafield><datafield ind1=" " ind2=" " tag="300"><subfield code="a">x, 271 pages :</subfield><subfield code="b">illustrations ;</subfield><subfield code="c">26 cm.</subfield></datafield><datafield ind1=" " ind2=" " tag="336"><subfield code="a">text</subfield><subfield code="b">txt</subfield><subfield code="2">rdacontent</subfield></datafield><datafield ind1=" " ind2=" " tag="337"><subfield code="a">unmediated</subfield><subfield code="b">n</subfield><subfield code="2">rdamedia</subfield></datafield><datafield ind1=" " ind2=" " tag="338"><subfield code="a">volume</subfield><subfield code="b">nc</subfield><subfield code="2">rdacarrier</subfield></datafield><datafield ind1="1" ind2=" " tag="490"><subfield code="a">Purdue information literacy handbooks</subfield></datafield><datafield ind1=" " ind2=" " tag="504"><subfield code="a">Includes bibliographical references and index.</subfield></datafield><datafield ind1="0" ind2=" " tag="505"><subfield code="a">Determining data information literacy needs : a study of students and research faculty / Jake Carlson, Michael Fosmire, C.C. Miller, Megan Sapp Nelson -- Developing the Data Information Literacy project : approach and methodology / Jake Carlson, Lisa R. Johnston, Brian Westra -- An exploration of the data information literacy competencies : findings from the project interviews / Jake Carlson, Jon Jeffryes, Lisa R. Johnston, Mason Nichols, Brian Westra, Sarah J. Wright -- Developing a for-credit course to teach data information literacy skills : a case study in natural resources / Sarah J. Wright, Camille Andrews -- Addressing software code as data : an embedded librarian approach / Jake Carlson, Megan Sapp Nelson -- Teaching data information literacy skills in a library workshop setting : a case study in agricultural and biological engineering / Marianne Bracke, Michael Fosmire -- Teaching civil engineering data information literacy skills : an e-learning approach  / Lisa R. Johnston, Jon Jeffryes -- Teaching ecology data information literacy skills to graduate students : a discussion-based approach / Brian Westra, Dean Walton -- Developing data information literacy programs : a guide for academic librarians / Sarah J. Wright, Jake Carlson, John Jeffryes, Camille Andrews, Marianne Bracke, Michael Fosmire, Lisa R. Johnston, Megan Sapp Nelson, Dean Walton, Brian Westra -- Where do we go from here? Further developing the data information literacy competencies / Megan Sapp Nelson -- Future directions for data information literacy : growing programs and communities of practice / Jake Carlson.</subfield></datafield><datafield ind1=" " ind2=" " tag="520"><subfield code="a">"Given the increasing attention to managing, publishing, and preserving research datasets as scholarly assets, what competencies in working with research data will graduate students in STEM disciplines need to be successful in their fields? And what role can librarians play in helping students attain these competencies? In addressing these questions, this book articulates a new area of opportunity for librarians and other information professionals, developing educational programs that introduce graduate students to the knowledge and skills needed to work with research data. The term "data information literacy" has been adopted with the deliberate intent of tying two emerging roles for librarians together. By viewing information literacy and data services as complementary rather than separate activities, the contributors seek to leverage the progress made and the lessons learned in each service area. The intent of the publication is to help librarians cultivate strategies and approaches for developing data information literacy programs"--</subfield><subfield code="c">Provided by publisher.</subfield></datafield><datafield ind1=" " ind2=" " tag="520"><subfield code="a">"The intent of the publication is to help librarians cultivate strategies and approaches for developing data information literacy programs of their own using the work done in the multiyear, IMLS-supported Data Information Literacy (DIL) project as real-world case studies. The initial chapters introduce the concepts and ideas behind data information literacy, such as the twelve data competencies. The middle chapters describe five case studies in data information literacy conducted at different institutions (Cornell, Purdue, Minnesota, Oregon), each focused on a different disciplinary area in science and engineering. They detail the approaches taken, how the programs were implemented, and the assessment metrics used to evaluate their impact. The later chapters include the "DIL Toolkit," a distillation of the lessons learned, which is presented as a handbook for librarians interested in developing their own DIL programs. The book concludes with recommendations for future directions and growth of data information literacy. More information about the DIL project can be found on the project's website: datainfolit.org"--</subfield><subfield code="c">Provided by publisher.</subfield></datafield><datafield ind1=" " ind2=" " tag="596"><subfield code="a">29 43</subfield></datafield><datafield ind1=" " ind2="0" tag="650"><subfield code="a">Academic libraries</subfield><subfield code="x">Services to graduate students.</subfield></datafield><datafield ind1=" " ind2="0" tag="650"><subfield code="a">Academic libraries</subfield><subfield code="x">Relations with faculty and curriculum</subfield><subfield code="z">United States</subfield><subfield code="v">Case studies.</subfield></datafield><datafield ind1=" " ind2="0" tag="650"><subfield code="a">Academic librarians</subfield><subfield code="x">Effect of technological innovations on.</subfield></datafield><datafield ind1=" " ind2="0" tag="650"><subfield code="a">Information literacy</subfield><subfield code="x">Study and teaching (Higher)</subfield></datafield><datafield ind1=" " ind2="0" tag="650"><subfield code="a">Electronic information resource literacy</subfield><subfield code="x">Study and teaching (Higher)</subfield></datafield><datafield ind1=" " ind2="0" tag="650"><subfield code="a">Science</subfield><subfield code="x">Data processing</subfield><subfield code="x">Management.</subfield></datafield><datafield ind1=" " ind2="0" tag="650"><subfield code="a">Research</subfield><subfield code="x">Data processing</subfield><subfield code="x">Management.</subfield></datafield><datafield ind1=" " ind2="0" tag="650"><subfield code="a">Database management.</subfield></datafield><datafield ind1=" " ind2="0" tag="650"><subfield code="a">Cyberinfrastructure.</subfield></datafield><datafield ind1=" " ind2="0" tag="650"><subfield code="a">Digital preservation.</subfield></datafield><datafield ind1="1" ind2=" " tag="700"><subfield code="a">Carlson, Jake,</subfield><subfield code="d">1970-</subfield><subfield code="e">editor.</subfield></datafield><datafield ind1="1" ind2=" " tag="700"><subfield code="a">Johnston, Lisa</subfield><subfield code="q">(Lisa R.),</subfield><subfield code="e">editor.</subfield></datafield><datafield ind1=" " ind2="0" tag="830"><subfield code="a">Purdue information literacy handbooks.</subfield></datafield><datafield ind1=" " ind2=" " tag="949"><subfield code="a">Z711.92 .G73 D38 2015</subfield><subfield code="h">GMCT-OS-B</subfield><subfield code="i">1007558602</subfield><subfield code="p">35.53</subfield><subfield code="k">AVAIL_SOON</subfield></datafield><datafield ind1=" " ind2=" " tag="019"><subfield code="a">903483452</subfield></datafield><datafield ind1="1" ind2=" " tag="029"><subfield code="a">AU@</subfield><subfield code="b">000053746149</subfield></datafield><datafield ind1="1" ind2=" " tag="029"><subfield code="a">CHVBK</subfield><subfield code="b">330701843</subfield></datafield><datafield ind1="1" ind2=" " tag="029"><subfield code="a">CHBIS</subfield><subfield code="b">010233785</subfield></datafield><datafield ind1=" " ind2=" " tag="926"><subfield code="a">Z711.92 .G73 D38 2015</subfield><subfield code="w">LC</subfield><subfield code="c">1</subfield><subfield code="i">1007558602</subfield><subfield code="d">1/24/2017</subfield><subfield code="e">12/13/2016</subfield><subfield code="l">ON_SHELF</subfield><subfield code="m">GR_MACEWAN</subfield><subfield code="n">4</subfield><subfield code="p">$35.53</subfield><subfield code="r">Y</subfield><subfield code="s">Y</subfield><subfield code="t">BOOK</subfield><subfield code="u">4/27/2015</subfield></datafield><datafield ind1=" " ind2=" " tag="926"><subfield code="a">Z 711.92 G73 D38 2015</subfield><subfield code="w">LC</subfield><subfield code="c">1</subfield><subfield code="i">0162035299211</subfield><subfield code="d">1/28/2017</subfield><subfield code="e">1/28/2017</subfield><subfield code="k">CHECKEDOUT</subfield><subfield code="l">ON_SHELF</subfield><subfield code="m">UAHSS</subfield><subfield code="n">2</subfield><subfield code="p">$150.00</subfield><subfield code="r">M</subfield><subfield code="s">Y</subfield><subfield code="t">BOOK</subfield><subfield code="u">5/27/2015</subfield><subfield code="z">COUTTS_ADD</subfield></datafield></record>